@article{Weiss:2016obx,
      author         = "Weiss, R. and Cruz-Torres, R. and Barnea, N. and
                        Piasetzky, E. and Hen, O.",
      title          = "{The nuclear contacts and short range correlations in
                        nuclei}",
      journal        = "Phys. Lett.",
      volume         = "B780",
      year           = "2018",
      pages          = "211-215",
      doi            = "10.1016/j.physletb.2018.01.061",
      eprint         = "1612.00923",
      archivePrefix  = "arXiv",
      primaryClass   = "nucl-th",
      SLACcitation   = "%%CITATION = ARXIV:1612.00923;%%"
}

@article{Weiss:2018tbu,
      author         = "Weiss, Ronen and Korover, Igor and Piasetzky, Eliezer and
                        Hen, Or and Barnea, Nir",
      title          = "{Energy and momentum dependence of nuclear short-range
                        correlations - Spectral function, exclusive scattering
                        experiments and the contact formalism}",
      year           = "2018",
      eprint         = "1806.10217",
      archivePrefix  = "arXiv",
      primaryClass   = "nucl-th",
      SLACcitation   = "%%CITATION = ARXIV:1806.10217;%%"
}

@article{Or:note,
title = "{Probing $pp$-SRC in $^{12}$C, $^{27}$Al, $^{56}$Fe, and $^{208}$Pb using the $A(e,e'p)$ and $A(e,e'pp)$ Reactions}",
author = "Hen, O. and Hakobyan, H. and Shneor, R. and Beck, A. and May-Tal Beck, S. and Brooks, W. and Gilad, S. and Korover, I. and Piasetzky, E. and Weinst\
ein, L.B.",
year ="2012",
journal="CLAS Data Mining Analysis Note"
}

@article{Erez:note,
title = "{Extracting the center-of-mass momentum distribution of $pp$-SRC pairs in $^{12}$C, $^{27}$Al, $^{56}$Fe, and $^{208}$Pb}",
author = "Cohen, E.O. and Duer, M. and Piasetzky, E. and Hen, O. and Weinstein, L.B.",
year ="2018",
journal="CLAS Data Mining Analysis Note"
}

@article{Meytal:note,
title = "{Probing $pp$-SRC in $^{12}$C, $^{27}$Al, $^{56}$Fe, and $^{208}$Pb using the $A(e,e'n)$ and $A(e,e'p)$ Reactions}",
author = "Duer, M. and Piasetzky, E. and Hen, O. and Cohen, E.O. and Korover, I. and Braverman, M. and Weinstein, L.B. and Khachatryan",
year ="2017",
journal="CLAS Data Mining Analysis Note"
}

@article{Lamiah:note,
title = "{Search for the Onset of Color Transparency via $\rho_0$ Electroproduction off Nuclei}",
author = "El Fassi, L. and Hafidi, K. and Mustapha, B. and Holtrop, M. and Zana, L. and Brooks, W. and Hakobyan, H.",
year = "2012",
journal="CLAS EG2 Analysis Note"
}

@article{Barak:note,
title ="{Inclusive $(e,e')$ Cross-Section Measurements of the EMC Effect and the $a_2$ Plateau}",
author="Schmookler, Barak",
year="2018",
journal="CLAS Data Mining Analysis Note"
}

@article{Hen:2014nza,
      author         = "Hen, O. and others",
      title          = "{Momentum sharing in imbalanced Fermi systems}",
      journal        = "Science",
      volume         = "346",
      year           = "2014",
      pages          = "614-617",
      doi            = "10.1126/science.1256785",
      eprint         = "1412.0138",
      archivePrefix  = "arXiv",
      primaryClass   = "nucl-ex",
      SLACcitation   = "%%CITATION = ARXIV:1412.0138;%%"                                                                                                      
}

@article{Cohen:2018gzh,
      author         = "Cohen, E. O. and Hen, O. and Piasetzky, E. and Weinstein,
                        L. B. and Duer, M. and Schmidt, A. and Korover, I. and
                        Hakobyan, H.",
      title          = "{The center of mass motion of short-range correlated
                        nucleon pairs studied via the A(e,e'pp) reaction}",
      collaboration  = "CLAS",
      year           = "2018",
      eprint         = "1805.01981",
      archivePrefix  = "arXiv",
      primaryClass   = "nucl-ex",
      SLACcitation   = "%%CITATION = ARXIV:1805.01981;%%"                                                                                                     
}

@article{Ent:2001hm,
      author         = "Ent, R. and Filippone, B. W. and Makins, N. C. R. and
                        Milner, R. G. and O'Neill, T. G. and Wasson, D. A.",
      title          = "{Radiative corrections for (e, e-prime p) reactions at
                        GeV energies}",
      journal        = "Phys. Rev.",
      volume         = "C64",
      year           = "2001",
      pages          = "054610",
      doi            = "10.1103/PhysRevC.64.054610",
      reportNumber   = "JLAB-PHY-00-07",
      SLACcitation   = "%%CITATION = PHRVA,C64,054610;%%"
}